@inproceedings{honegger2013open,
	title={An open source and open hardware embedded metric optical flow cmos camera for indoor and outdoor applications},
	author={Honegger, Dominik and Meier, Lorenz and Tanskanen, Petri and Pollefeys, Marc},
	booktitle={Robotics and Automation (ICRA), 2013 IEEE International Conference on},
	pages={1736--1741},
	year={2013},
	organization={IEEE}
},
@article{chitta2012ros,
	title={MoveIt! [Ros topics]},
	author={Chitta, Sachin and Sucan, Ioan and Cousins, Steve},
	journal={IEEE robotics and automation magazine},
	volume={19},
	number={1},
	pages={18--19},
	year={2012}
},
@online{roscreateautonomy,
	author = {Jacob Perron},
	title = {create\_autonomy ROS package},
	year = 2017,
	url = {http://wiki.ros.org/create_autonomy},
	urldate = {2017-03-11}
},
@inproceedings{foote2013tf,
	title={tf: The transform library},
	author={Foote, Tully},
	booktitle={Technologies for Practical Robot Applications (TePRA), 2013 IEEE International Conference on},
	pages={1--6},
	year={2013},
	organization={IEEE}
},
@inproceedings{feng2016research,
	title={Research on the Hardware Structure Characteristics and EKF Filtering Algorithm of the Autopilot PIXHAWK},
	author={Feng, Lin and Fangchao, Qi},
	booktitle={Instrumentation \& Measurement, Computer, Communication and Control (IMCCC), 2016 Sixth International Conference on},
	pages={228--231},
	year={2016},
	organization={IEEE}
},
@inproceedings{koenig2004design,
	title={Design and use paradigms for gazebo, an open-source multi-robot simulator},
	author={Koenig, Nathan and Howard, Andrew},
	booktitle={Intelligent Robots and Systems, 2004.(IROS 2004). Proceedings. 2004 IEEE/RSJ International Conference on},
	volume={3},
	pages={2149--2154},
	year={2004},
	organization={IEEE}
},
@article{lepetit2009epnp,
	title={Epnp: An accurate o (n) solution to the pnp problem},
	author={Lepetit, Vincent and Moreno-Noguer, Francesc and Fua, Pascal},
	journal={International journal of computer vision},
	volume={81},
	number={2},
	pages={155--166},
	year={2009},
	publisher={Springer}
},
@article{canny1986computational,
	title={A computational approach to edge detection},
	author={Canny, John},
	journal={IEEE Transactions on pattern analysis and machine intelligence},
	number={6},
	pages={679--698},
	year={1986},
	publisher={IEEE}
},
@article{yuen1990comparative,
	title={Comparative study of Hough transform methods for circle finding},
	author={Yuen, HK and Princen, John and Illingworth, John and Kittler, Josef},
	journal={Image and vision computing},
	volume={8},
	number={1},
	pages={71--77},
	year={1990},
	publisher={Elsevier}
},
@article{journals/cvgip/SuzukiA85,
	added-at = {2006-09-04T00:00:00.000+0200},
	author = {Suzuki, Satoshi and Abe, Keiichi},
	biburl = {https://www.bibsonomy.org/bibtex/2ad5f28891fb63752f5c5b739a8dcfc2d/dblp},
	date = {2006-09-04},
	description = {dblp},
	ee = {http://dx.doi.org/10.1016/0734-189X(85)90016-7},
	interhash = {6ebecf05bd8fd5de51037ab7d86431fb},
	intrahash = {ad5f28891fb63752f5c5b739a8dcfc2d},
	journal = {Computer Vision, Graphics, and Image Processing},
	keywords = {dblp},
	number = 1,
	pages = {32-46},
	timestamp = {2006-09-04T00:00:00.000+0200},
	title = {Topological structural analysis of digitized binary images by border following.},
	volume = 30,
	year = 1985
},